@book{teton2003,
  title={Gu{\'\i}a t{\'e}cnica de la acuariofilia},
  author={Teton, J.},
  isbn={9788489840249},
  series={Gu{\'\i}as t{\'e}cnicas},
  url={https://books.google.com.ar/books?id=6vrjovWkQicC},
  year={2003},
  publisher={Tursen S.A. - H. Blume}
}

@misc{802154,
  author = {IEEE Standards Association},
  title = {IEEE Standard for Local and metropolitan area networks--Part 15.4: Low-Rate Wireless Personal Area Networks (LR-WPANs)},
  year = {2011},
  howpublished = {\url{https://standards.ieee.org/getieee802/download/802.15.4-2011.pdf}},
  note = {Disponible: 2016-06-25}
}

@misc{CIAA,
  author = {Proyecto-CIAA},
  title = {Computadora Industrial Abierta Argentina},
  year = {2014},
  howpublished = {\url{http://proyecto-ciaa.com.ar/devwiki/doku.php?id=start}},
  note = {Disponible: 2016-06-25}
}

@misc{LaTeX,
  author = {LaTeX3 project},
  title = {\LaTeX – A document preparation system},
  year = {2011},
  howpublished = {\url{http://www.latex-project.org/}},
  note = {Disponible: 2016-06-25}
}
@misc{BibTeX,
  author = {Oren Patashnik},
  title = {BibTeX},
  year = {1985},
  howpublished = {\url{http://www.bibtex.org/}},
  note = {Disponible: 2016-06-25}
}
@misc{TeXLive,
  author = {TeX Users Group},
  title = {TeX Live},
  year = {1996},
  howpublished = {\url{http://www.tug.org/texlive/}},
  note = {Disponible: 2016-06-25}
}

@MISC{mote,
   author =	{P Ridolfi},
   title =	{Diseño e implementación de un nodo 802.15.4 para redes inalámbricas de sensores},
   editor =	{CASE2012, Buenos Aires, Argentina},
   year =	{2012}
}
%, S. Scaglia, A. Lutenberg, P. Martos, F. Vargas

@MISC{sync1,
   author =	{Javier Esteban Verde},
   title =	{Diseño, implementación y validación de una biblioteca de algoritmos de sincronización para WSN},
   editor =	{Departamento de Electrónica. Facultad de Ingeniería. Universidad de Buenos Aires},
   year =	{2015},
   url =		{http://laboratorios.fi.uba.ar/lse/tesis/LSE-FIUBA-Tesis-Grado-Javier-Verde-2015.pdf},
   note = {Disponible: 2016-06-25}
}

@MISC{sync2,
   author =	{Seyed Mohammad Pakdaman},
   title =	{Implementación y Evaluación del protocolo de sincronización RBS para las redes inalámbricas de sensores},
   editor =	{Facultad de Ingeniería. Universidad de Buenos Aires},
   year =	{2014},
   url =		{http://laboratorios.fi.uba.ar/lse/tesis/LSE-FIUBA-Tesis-Maestria-Mohammad-Pakdaman-2014.pdf},
   note = {Disponible: 2016-06-25}
}

@misc{Bloomberg,
  author = {Hanjin},
  title = {Price of crystalline silicon photovoltaic cells, $ per watt (1977-2013)},
  year = {2013},
  howpublished = {\url{https://commons.wikimedia.org/w/index.php?curid=29498744}},
  note = {Disponible: 2016-06-25}
}

@misc{IDE,
  author = {NXP},
  title = {LPCxpresso-ide LPCXPRESSO},
  year = {2016},
  howpublished = {\url{http://www.nxp.com/products/software-and-tools/software-development-tools/software-tools/lpc-microcontroller-utilities/lpcxpresso-ide:LPCXPRESSO}},
  note = {Disponible: 2016-06-25}
}

@misc{gantter,
  author = {Gantter Proyect},
  title = {Gantter - web-based project scheduling made easy},
  year = {2016},
  howpublished = {\url{http://gantter.com/}},
  note = {Disponible: 2016-06-25}
}

@misc{grado,
  author = {Sinovoltaics},
  title = {Solar cell grading (A, B, C, D)},
  year = {2016},
  howpublished = {\url{http://sinovoltaics.com/quality-control/grading-of-solar-cells-a-b-c-d/}},
  note = {Disponible: 2016-06-25}
}

@misc{solar,
  author = {Solartec},
  title = {KS10T - M{\'o}dulo Fotovoltaico Policristalino de Alto Rendimiento},
  year = {2016},
  howpublished = {\url{http://www.solartec.com.ar/documentos/productos/3-25wp/SOLARTEC-KS10T-v13.pdf},
  note = {Disponible: 2016-06-25}
}

@misc{1343,
  author = {NXP Semiconductors},
  title = {LPC1311/13/42/43 32-bit ARM Cortex-M3 microcontroller Product Data Sheet},
  year = {2012},
  howpublished = {\url{http://www.nxp.com/documents/data_sheet/LPC1311_13_42_43.pdf}},
  note = {Disponible: 2016-06-25}
}

@misc{2520,
  author = {Texas Instruments},
  title = {CC2520 Datasheet},
  year = {2007},
  howpublished = {\url{http://www.ti.com/lit/ds/symlink/cc2520.pdf}},
  note = {Disponible: 2016-06-25}
}
  
@misc{bq,
  author = {Texas Instruments},
  title = {Single-Chip Li-Ion and Li-Pol Charger IC, bq2408x (Rev. E)},
  year = {2011},
  howpublished = {\url{http://www.ti.com/lit/ds/symlink/bq24080.pdf}},
  note = {Disponible: 2016-06-25}
}

@misc{7805,
  author = {Fairchild},
  title = {LM78XX / LM78XXA - 3-Terminal 1 A Positive Voltage Regulator},
  year = {2014},
  howpublished = {\url{https://www.fairchildsemi.com/datasheets/LM/LM7805.pdf}},
  note = {Disponible: 2016-06-25}
}

@misc{78M05,
  author = {Toshiba Semiconductor},
  title = {0.5A Three Terminal Positive Voltage Regulators},
  year = {1999},
  howpublished = {\url{http://www.alldatasheet.es/datasheet-pdf/pdf/31368/TOSHIBA/78M05.html}},
  note = {Disponible: 2016-06-25}
}

@misc{metodo,
  author = {J Raijmakers},
  title = {Sensorless battery temperature measurements based on electrochemical impedance spectroscopy},
  year = {2014},
  howpublished = {\url{http://www.elsevier.com/locate/jpowsour}},
  note = {Disponible: 2016-06-25}
}

%L.H.J. Raijmakers, D.L. Danilov, J.P.M. van Lammeren, M.J.G. Lammers,P.H.L. Notten
  %publisher={Journal of Power Sources 247 539e544},

% [3] I.F. Akyildiz, W. Su, A power aware enhanced routing (PAER) protocol for sensor networks, Georgia Tech Technical Report, January 2002, submitted for publication.
%
%[7] P. Bonnet, J. Gehrke, P. Seshadri, Querying the physical world, IEEE Personal Communications (October 2000) 10–15.
%
%[34] W.R. Heinzelman, A. Chandrakasan, H. Balakrishnan, Energy-eﬃcient communication protocol for wireless microsensor networks, IEEE Proceedings of the Hawaii International Conference on System Sciences, January 2000, pp. 1–10.
%
%[35] W.R. Heinzelman, J. Kulik, H. Balakrishnan, Adaptive protocols for information dissemination in wireless sensor networks, Proceedings of the ACM MobiCom’99, Seattle, Washington, 1999, pp. 174–185.
%
%[38] T. Imielinski, S. Goel, DataSpace: querying and monitoring deeply networked collections in physical space, ACM International Workshop on Data Engineering for Wireless and Mobile Access MobiDE 1999, Seattle, Washington, 1999, pp. 44–51.
%
%[69] G.J. Pottie, W.J. Kaiser, Wireless integrated network sensors, Communications of the ACM 43 (5) (2000) 551– 558.

%Official Journal of the European Union
%DIRECTIVE 2002/95/EC OF THE EUROPEAN PARLIAMENT AND OF THE COUNCIL
%of 27 January 2003
%on the restriction of the use of certain hazardous substances in electrical and electronic equipment
%

